@article{alphafold2,
  title = {Highly accurate protein structure prediction with AlphaFold},
  author = {Jumper, John and Evans, Richard and Pritzel, Alexander and others},
  journal = {Nature},
  volume = {596},
  pages = {583--589},
  year = {2021},
  doi = {10.1038/s41586-021-03819-2},
  url = {https://doi.org/10.1038/s41586-021-03819-2},
  received = {2021-05-11},
  accepted = {2021-07-12},
  published = {2021-07-15},
  issue_date = {2021-08-26}
}

@misc{graphcast,
      title={GraphCast: Learning skillful medium-range global weather forecasting}, 
      author={Remi Lam and Alvaro Sanchez-Gonzalez and Matthew Willson and Peter Wirnsberger and Meire Fortunato and Ferran Alet and Suman Ravuri and Timo Ewalds and Zach Eaton-Rosen and Weihua Hu and Alexander Merose and Stephan Hoyer and George Holland and Oriol Vinyals and Jacklynn Stott and Alexander Pritzel and Shakir Mohamed and Peter Battaglia},
      year={2023},
      eprint={2212.12794},
      archivePrefix={arXiv},
      primaryClass={cs.LG}
}

@misc{medpalm2,
      title={Towards Expert-Level Medical Question Answering with Large Language Models}, 
      author={Karan Singhal and Tao Tu and Juraj Gottweis and Rory Sayres and Ellery Wulczyn and Le Hou and Kevin Clark and Stephen Pfohl and Heather Cole-Lewis and Darlene Neal and Mike Schaekermann and Amy Wang and Mohamed Amin and Sami Lachgar and Philip Mansfield and Sushant Prakash and Bradley Green and Ewa Dominowska and Blaise Aguera y Arcas and Nenad Tomasev and Yun Liu and Renee Wong and Christopher Semturs and S. Sara Mahdavi and Joelle Barral and Dale Webster and Greg S. Corrado and Yossi Matias and Shekoofeh Azizi and Alan Karthikesalingam and Vivek Natarajan},
      year={2023},
      eprint={2305.09617}
}

@article{gpt3,
  title={Language Models are Few-Shot Learners},
  author={Brown, Tom B and Mann, Benjamin and Ryder, Nick and Subbiah, Melanie and Kaplan, Jared and Dhariwal, Prafulla and Neelakantan, Arvind and Shyam, Pranav and Sastry, Girish and Askell, Amanda and others},
  journal={Advances in Neural Information Processing Systems},
  volume={33},
  pages={1877--1901},
  year={2020}
}

@article{alphago,
  title = {Mastering the game of Go with deep neural networks and tree search},
  author = {Silver, David and Huang, Aja and Maddison, Chris J. and others},
  journal = {Nature},
  volume = {529},
  pages = {484--489},
  year = {2016},
  doi = {10.1038/nature16961},
  url = {https://doi.org/10.1038/nature16961},
  received = {2015-11-11},
  accepted = {2016-01-05},
  published = {2016-01-27},
  issue_date = {2016-01-28}
}

@book{darpa,
  title = {The DARPA Urban Challenge: Autonomous Vehicles in City Traffic},
  editor = {Buehler, Martin and Iagnemma, Karl and Singh, Sanjiv},
  publisher = {Springer Berlin Heidelberg},
  series = {Springer Tracts in Advanced Robotics},
  doi = {10.1007/978-3-642-03991-1},
  url = {https://doi.org/10.1007/978-3-642-03991-1},
  isbn = {978-3-642-03990-4},
  softcover_isbn = {978-3-642-26131-2},
  ebook_isbn = {978-3-642-03991-1},
  issn = {1610-7438},
  eissn = {1610-742X},
  year = {2009},
  edition = {1},
  pages = {XXXV, 628},
  copyright = {Springer-Verlag Berlin Heidelberg 2009}
}

@inproceedings{codex,
  title={Evaluating Large Language Models Trained on Code},
  author={Chen, Mark and Tworek, Jerry and Jun, Heewoo and Yuan, Qiming and Pinto, Henrique and Kaplan, Jared and Edwards, Harri and Burda, Yuri and Joseph, Nicholas and Brockman, Greg and others},
  booktitle={Proceedings of the 38th International Conference on Machine Learning},
  volume={139},
  pages={1919--1931},
  year={2021},
  organization={PMLR}
}

@misc{forbes-af2,
  author = {Toews, Rob},
  title = {AlphaFold Is The Most Important Achievement In AI Ever},
  howpublished = {\url{https://www.forbes.com/sites/robtoews/2021/10/03/alphafold-is-the-most-important-achievement-in-ai-ever/}},
  year = {2021},
  note = {Accessed: 26.12.2023}
}